<?xml version="1.0" encoding="UTF-8"?><collection xmlns="http://www.loc.gov/MARC21/slim"><record><leader>00547nam--2200181-u-4500</leader><controlfield tag="001">000053143</controlfield><controlfield tag="002">20161230</controlfield><controlfield tag="005">20161230201051</controlfield><controlfield tag="008">110107s1000------------r-----000-0-eng-d</controlfield><datafield ind1=" " ind2=" " tag="020"><subfield code="a">9789812569141</subfield></datafield><datafield ind1=" " ind2=" " tag="040"><subfield code="a">IFIN-HH</subfield></datafield><datafield ind1=" " ind2=" " tag="080"><subfield code="a">539.12:621.384.665</subfield></datafield><datafield ind1="1" ind2=" " tag="100"><subfield code="a">Grozin, Andrey</subfield></datafield><datafield ind1="1" ind2="0" tag="245"><subfield code="a">Lectures on qed and qcd</subfield><subfield code="b">Practical calculation and renormalization of one- and multi-loop feynman diagrams</subfield><subfield code="c">Andrey grozin</subfield></datafield><datafield ind1=" " ind2=" " tag="260"><subfield code="a">New Jersey</subfield><subfield code="b">World Scientific</subfield><subfield code="c">2007</subfield></datafield><datafield ind1=" " ind2=" " tag="300"><subfield code="a">224P</subfield></datafield><datafield ind1=" " ind2=" " tag="852"><subfield code="a">82199</subfield><subfield code="c">539.12</subfield></datafield><datafield ind1=" " ind2=" " tag="CAT"><subfield code="a">Sys</subfield><subfield code="c">20110107</subfield><subfield code="h">083719</subfield></datafield></record></collection>